@article{intro1,
	title={A comprehensive review of yolo architectures in computer vision: From yolov1 to yolov8 and yolo-nas},
	author={Terven and Juan and Romero-González},
	journal={Machine Learning and Knowledge Extraction 5.4 (2023)},
	pages={1680},
	year={2024}
}

@article{intro2,
	title={DF-SSD: An improved SSD object detection algorithm based on DenseNet and feature fusion},
	author={Zhai~Shang},
      journal={IEEE access},
      volume={8},
      pages={24344--24357},
      year={2020},
      publisher={IEEE}
}

@article{fastrcnn,
  title={A Fusion Steganographic Algorithm Based on Faster R-CNN.},
  author={Rice, Steven},
  journal={Computers, Materials \& Continua},
  volume={55},
  number={1},
  year={2018}
}

@article{maskrcnn,
  title={Deep learning techniques—R-CNN to mask R-CNN: a survey},
  author={Bharati and Ankita},
  journal={Computational Intelligence in Pattern Recognition: Proceedings of CIPR 2019},
  pages={657--668},
  year={2020},
  publisher={Springer}
}

@article{cmp,
  title={A Comparative Analysis of Modern Object Detection Algorithms: YOLO vs. SSD vs. Faster R-CNN},
  author={Aboyomi, Dalmar Dakari and Daniel, Cleo},
  journal={ITEJ (Information Technology Engineering Journals)},
  volume={8},
  number={2},
  pages={96--106},
  year={2023}
}
